%% This BibTeX bibliography file was created using BibDesk.
%% http://bibdesk.sourceforge.net/

%% Created for Elizabeth Ehlers at 2015-05-06 11:33:23 -0700 
%% Saved with string encoding Unicode (UTF-8)

@article{Alder1959,
  title={Studies in molecular dynamics. I. General method},
  author={Alder, Berni J and Wainwright, T E},
  journal={The Journal of Chemical Physics},
  volume={31},
  number={2},
  pages={459--466},
  year={1959},
  publisher={AIP}
}

@article{Bickel2007,
  title={Some comparisons among quadratic, spherical, and logarithmic scoring rules},
  author={Bickel, J Eric},
  journal={Decision Analysis},
  volume={4},
  number={2},
  pages={49--65},
  year={2007},
  publisher={INFORMS}
}

@article{Tobler1970,
  title={A computer movie simulating urban growth in the Detroit region},
  author={Tobler, Waldo R},
  journal={Economic geography},
  volume={46},
  number={sup1},
  pages={234--240},
  year={1970},
  publisher={Taylor \& Francis}
}

@article{Zhu2005,
  title={Spatial sampling design for parameter estimation of the covariance function},
  author={Zhu, Zhengyuan and Stein, Michael L},
  journal={Journal of Statistical Planning and Inference},
  volume={134},
  number={2},
  pages={583--603},
  year={2005},
  publisher={Elsevier}
}

@article{Xia2006,
  title={Approximately optimal spatial design approaches for environmental health data},
  author={Xia, Gangqiang and Miranda, Marie Lynn and Gelfand, Alan E},
  journal={Environmetrics},
  volume={17},
  number={4},
  pages={363--385},
  year={2006},
  publisher={Wiley Online Library}
}

@article{Gneiting2007,
  title={Strictly proper scoring rules, prediction, and estimation},
  author={Gneiting, Tilmann and Raftery, Adrian E},
  journal={Journal of the American Statistical Association},
  volume={102},
  number={477},
  pages={359--378},
  year={2007},
  publisher={Taylor \& Francis}
}

@Manual{rSTANtheMan,
    title = {Package rstan - R Interface to Stan,
      Version 2.14.1},
    author = {{Stan Development Team}},
    year = {2016},
    url = {http://mc-stan.org},
  }

@article{Hoffman2014,
  title={The No-U-turn sampler: adaptively setting path lengths in Hamiltonian Monte Carlo.},
  author={Hoffman, Matthew D and Gelman, Andrew},
  journal={Journal of Machine Learning Research},
  volume={15},
  number={1},
  pages={1593--1623},
  year={2014}
}

@article{Nychka1998,
  title={An algorithm for the construction of spatial coverage designs with implementation in SPLUS},
  author={Royle, J Andrew and Nychka, Doug},
  journal={Computers \& Geosciences},
  volume={24},
  number={5},
  pages={479--488},
  year={1998},
  publisher={Elsevier}
}

@article{Finley2013,
  title={spBayes for large univariate and multivariate point-referenced spatio-temporal data models},
  author={Finley, Andrew O and Banerjee, Sudipto and Gelfand, Alan E},
  journal={arXiv preprint arXiv:1310.8192},
  year={2013}
}

@article{Eidsvik2012,
  title={Approximate Bayesian inference for large spatial datasets using predictive process models},
  author={Eidsvik, Jo and Finley, Andrew O and Banerjee, Sudipto and Rue, H{\aa}vard},
  journal={Computational Statistics \& Data Analysis},
  volume={56},
  number={6},
  pages={1362--1380},
  year={2012},
  publisher={Elsevier}
}

@article{Finley2012,
  title={Bayesian dynamic modeling for large space-time datasets using Gaussian predictive processes},
  author={Finley, Andrew O and Banerjee, Sudipto and Gelfand, Alan E},
  journal={Journal of geographical systems},
  volume={14},
  number={1},
  pages={29--47},
  year={2012},
  publisher={Springer}
}

@article{Guhaniyogi2011,
  title={Adaptive Gaussian predictive process models for large spatial datasets},
  author={Guhaniyogi, Rajarshi and Finley, Andrew O and Banerjee, Sudipto and Gelfand, Alan E},
  journal={Environmetrics},
  volume={22},
  number={8},
  pages={997--1007},
  year={2011},
  publisher={Wiley Online Library}
}

@article{Finley2011,
  title={A hierarchical model for quantifying forest variables over large heterogeneous landscapes with uncertain forest areas},
  author={Finley, Andrew O and Banerjee, Sudipto and MacFarlane, David W},
  journal={Journal of the American Statistical Association},
  volume={106},
  number={493},
  pages={31--48},
  year={2011},
  publisher={Taylor \& Francis}
}

@article{Finley2009_2,
  title={Hierarchical spatial models for predicting tree species assemblages across large domains},
  author={Finley, Andrew O and Banerjee, Sudipto and McRoberts, Ronald E},
  journal={The annals of applied statistics},
  volume={3},
  number={3},
  pages={1052},
  year={2009},
  publisher={NIH Public Access}
}

@article{Finley2009,
  title={Improving the performance of predictive process modeling for large datasets},
  author={Finley, Andrew O and Sang, Huiyan and Banerjee, Sudipto and Gelfand, Alan E},
  journal={Computational statistics \& data analysis},
  volume={53},
  number={8},
  pages={2873--2884},
  year={2009},
  publisher={Elsevier}
}

@article{Banerjee2008,
  title={Gaussian predictive process models for large spatial data sets},
  author={Banerjee, Sudipto and Gelfand, Alan E and Finley, Andrew O and Sang, Huiyan},
  journal={Journal of the Royal Statistical Society: Series B (Statistical Methodology)},
  volume={70},
  number={4},
  pages={825--848},
  year={2008},
  publisher={Wiley Online Library}
}

@misc{HamMec,
   author = "Wikipedia",
   title = "Hamiltonian mechanics --- Wikipedia{,} The Free Encyclopedia",
   year = "2017",
   url = "https://en.wikipedia.org/w/index.php?title=Hamiltonianmechanics\&oldid=757862555",
   note = "[Online; accessed 2-January-2017]"
 }

@article{Neal2011,
  title={MCMC using Hamiltonian dynamics},
  author={Neal, Radford M and others},
  journal={Handbook of Markov Chain Monte Carlo},
  volume={2},
  pages={113--162},
  year={2011}
}

@article{Finley2007,
  title={spBayes: an R package for univariate and multivariate hierarchical point-referenced spatial models},
  author={Finley, Andrew O and Banerjee, Sudipto and Carlin, Bradley P},
  journal={Journal of Statistical Software},
  volume={19},
  number={4},
  pages={1},
  year={2007},
  publisher={NIH Public Access}
}

@Manual{STANtheMan,
    title = {Stan Modeling Language User's Guide and Reference Manual,
      Version 2.14.1},
    author = {{Stan Development Team}},
    year = {2016},
    url = {http://mc-stan.org/},
  }

@article{Wickham2010,
  title={A layered grammar of graphics},
  author={Wickham, Hadley},
  journal={Journal of Computational and Graphical Statistics},
  volume={19},
  number={1},
  pages={3--28},
  year={2010},
  publisher={Taylor \& Francis}
}

@article{Dixon2005,
  title={Improving the precision of estimates of the frequency of rare events},
  author={Dixon, Philip M and Ellison, Aaron M and Gotelli, Nicholas J},
  journal={Ecology},
  volume={86},
  number={5},
  pages={1114--1123},
  year={2005},
  publisher={Wiley Online Library}
}

@incollection{Li2009,
  title={Modeling and Analysis of Spatially Correlated Data},
  author={Li, Yi},
  booktitle={New Developments In Biostatistics And Bioinformatics},
  pages={73--99},
  year={2009}
}

@article{Liao2003,
  title={Adjusted coefficients of determination for logistic regression},
  author={Liao, JG and McGee, Dan},
  journal={The American Statistician},
  volume={57},
  number={3},
  pages={161--165},
  year={2003},
  publisher={Taylor \& Francis}
}

  @misc{WikiXML,
   author = {Wikipedia},
   title = {XML --- Wikipedia, The Free Encyclopedia},
   year = "2016",
   url = {https://en.wikipedia.org/w/index.php?title=XML&oldid=721012365},
   note = {[Online; accessed 23-May-2016}
 }

@online{Delgado2014,
  author = {Delgado, Rick},
  title = {Beyond Moneyball: How Big Data Is Changing Baseball},
  year = 2014,
  url = {http://www.sporttechie.com/2014/11/11/beyond-moneyball-how-big-data-is-changing-baseball/},
  urldate = {2014-11}
}


@online{Spotrac,
  author = {Spotrac},
  title = {Joey Votto},
  year = 2015,
  url = {http://www.spotrac.com/mlb/cincinnati-reds/joey-votto/}
}

@online{Posnanski2015,
  author = {Posnanski, Joe},
  title = {CINCYâ€™S SPLENDID SPLINTER
Joey Votto is doing his best Ted Williams impression as he surges through the second half of the season},
  year = 2015,
  url = {http://sportsworld.nbcsports.com/joey-votto-ted-williams-too-patient/},
}

@online{Berg2015,
  author = {Berg, Ted},
  title = {The average MLB salary is over $4 million and players still get $100 a day in meal money},
  year = 2015,
  url = {http://ftw.usatoday.com/2015/04/major-league-baseball-average-salary-meal-money-2015-mlb},
  urldate = {2015-4}
}

http://ftw.usatoday.com/2015/04/major-league-baseball-average-salary-meal-money-2015-mlb

@book{Carlin2008,
  title={Bayesian methods for data analysis},
  author={Carlin, Bradley P and Louis, Thomas A},
  year={2008},
  publisher={CRC Press}
}

@online{Daugherty2015,
  author = {Daugherty, Paul},
  title = {Doc: Reds' Joey Votto a curious guy},
  year = 2015,
  url = {http://www.cincinnati.com/story/sports/columnists/paul-daugherty/2015/03/05/ paul-daugherty-reds-joey-votto-different-hitter-than-most/24442767/},
  urldate = {2015-3}
}

@article{Stallings2003,
  title={Baseball strategies},
  author={Stallings, Jack and Bennett, Bob},
  journal={United States of America: Human Kinetics},
  year={2003}
}

 @misc{Wiki,
   author = {Wikipedia},
   title = {Baseball --- Wikipedia, The Free Encyclopedia},
   year = "2016",
   url = {https://en.wikipedia.org/w/index.php?title=Baseball\&oldid=714641800},
   note = {"[Online; accessed 12-May-2016]"}
 }

@online{Newman2012,
  author = {Newman, Mark},
  title = {MLB, ESPN agree on record eight-year deal},
  year = 2012,
  url = {http://m.mlb.com/news/article/37476712/},
  urldate = {2012-8}
}

@book{Hilbe2009,
  title={Logistic regression models},
  author={Hilbe, Joseph M},
  year={2009},
  publisher={CRC Press}
}

@book{Gelfand2010,
  title={Handbook of spatial statistics},
  author={Gelfand, Alan E and Diggle, Peter and Guttorp, Peter and Fuentes, Montserrat},
  year={2010},
  publisher={CRC press}
}

@article{Reimherr2014,
  title={Being an informed Bayesian: Assessing prior informativeness and prior likelihood conflict},
  author={Reimherr, Matthew and Meng, Xiao-Li and Nicolae, Dan L},
  journal={arXiv preprint arXiv:1406.5958},
  year={2014}
}

@online{Smith2013,
  author = {Smith, David},
  title = {A detailed guide to memory usage in R},
  year = 2013,
  url = {http://blog.revolutionanalytics.com/2013/11/a-detailed-guide-to-memory-usage-in-r.html},
  urldate = {2013-11}
}

@book{Wickham2014,
  title={Advanced R},
  author={Wickham, Hadley},
  year={2014},
  publisher={CRC Press}
}

@article{Mallows1998,
  title={The zeroth problem},
  author={Mallows, Colin},
  journal={The American Statistician},
  volume={52},
  number={1},
  pages={1--9},
  year={1998},
  publisher={Taylor \& Francis}
}

@article{Koutsoyiannis2006,
  title={Nonstationarity versus scaling in hydrology},
  author={Koutsoyiannis, Demetris},
  journal={Journal of Hydrology},
  volume={324},
  number={1},
  pages={239--254},
  year={2006},
  publisher={Elsevier}
}

@book{Von1994,
  title={Creating modern probability: Its mathematics, physics and philosophy in historical perspective},
  author={Von Plato, Jan},
  year={1994},
  publisher={Cambridge University Press}
}

@article{Dowling2016,
  title={Kinematic comparison of baseball batting off of a tee among various competition levels},
  author={Dowling, Brittany and Fleisig, Glenn S},
  journal={Submitted},
  year={2016}
}

@article{Laughlin2016,
  title={The effects of baseball bat mass properties on swing mechanics, ground reaction forces, and swing timing},
  author={Laughlin, Walter A and Fleisig, Glenn S and Aune, Kyle T and Diffendaffer, Alek Z},
  journal={Sports Biomechanics},
  pages={1--12},
  year={2016},
  publisher={Taylor \& Francis}
}

@article{Fleisig2002,
  title={Relationship between bat mass properties and bat velocity},
  author={Fleisig, GS and Zheng, N and Stodden, DF and Andrews, JR},
  journal={Sports Engineering},
  volume={5},
  number={1},
  pages={1--8},
  year={2002},
  publisher={Wiley Online Library}
}

@book{Rawlings1998,
  title={Applied regression analysis: a research tool},
  author={Rawlings, John O and Pantula, Sastry G and Dickey, David A},
  year={1998},
  publisher={Springer Science \& Business Media}
}

@article{Tukey1977,
  title={Exploratory data analysis},
  author={Tukey, John W},
  year={1977},
  publisher={Reading, Mass.}
}

@techreport{Kovash2009,
  title={Professionals do not play minimax: evidence from major League Baseball and the National Football League},
  author={Kovash, Kenneth and Levitt, Steven D},
  year={2009},
  institution={National Bureau of Economic Research}
}

@book{Ross2002,
  title={A first course in probability},
  author={Sheldon, Ross and others},
  year={2002},
  publisher={Pearson Education India}
}

@online{Lindbergh2016,
  author = {Lindbergh, Ben and Arthur, Rob},
  title = {Statheads Are The Best Free Agent Bargains In Baseball},
  year = 2016,
  url = {http://fivethirtyeight.com/features/statheads-are-the-best-free-agent-bargains-in-baseball/},
  urldate = {2016-4}
}

@article{Elliott2006,
  title={Biomechanics and tennis},
  author={Elliott, B},
  journal={British Journal of Sports Medicine},
  volume={40},
  number={5},
  pages={392--396},
  year={2006},
  publisher={BMJ Publishing Group Ltd and British Association of Sport and Exercise Medicine}
}

@book{Cochran2005,
  title={Search for the perfect swing},
  author={Cochran, Alastair J and Stobbs, John},
  year={2005},
  publisher={Triumph}
}

@article{Diggle1998,
  title={Model-based geostatistics},
  author={Diggle, Peter J and Tawn, JA and Moyeed, RA},
  journal={Journal of the Royal Statistical Society: Series C (Applied Statistics)},
  volume={47},
  number={3},
  pages={299--350},
  year={1998},
  publisher={Wiley Online Library}
}

@article{Wickham2011,
  title={The split-apply-combine strategy for data analysis},
  author={Wickham, Hadley and others},
  journal={Journal of Statistical Software},
  volume={40},
  number={1},
  pages={1--29},
  year={2011},
  publisher={Citeseer}
}

@book{Adler2006,
  title={Baseball Hacks: Tips \& Tools for Analyzing and Winning with Statistics},
  author={Adler, Joseph},
  year={2006},
  publisher={" O'Reilly Media, Inc."}
}

@article{Fast2010,
  title={What the heck is PITCHf/x},
  author={Fast, Mike},
  journal={The Hardball Times Annual},
  pages={153--8},
  year={2010}
}

@online{Fast2011,
  author = {Fast, Mike},
  title = {Spinning Yarn: Can We Predict Hot and Cold Zones for Hitters?},
  year = 2011,
  url = {http://www.baseballprospectus.com/article.php?articleid=15363},
  urldate = {2011-10}
}

  @Book{Wickham2009,
    author = {Hadley Wickham},
    title = {ggplot2: Elegant Graphics for Data Analysis},
    publisher = {Springer-Verlag New York},
    year = {2009},
    isbn = {978-0-387-98140-6},
    url = {http://ggplot2.org},
  }

  @Manual{R2015,
    title = {R: A Language and Environment for Statistical Computing},
    author = {{R Core Team}},
    organization = {R Foundation for Statistical Computing},
    address = {Vienna, Austria},
    year = {2015},
    url = {https://www.R-project.org/},
  }

@book{Tahaghoghi2006,
  title={Learning MySQL},
  author={Tahaghoghi, Seyed MM and Williams, Hugh E},
  year={2006},
  publisher={" O'Reilly Media, Inc."}
}

@misc{RSTAN,
  author = {{Stan Development Team}},
  year = {2014},
  title = {RStan: the R interface to Stan,
           Version 2.5.0},
  url = {http://mc-stan.org/rstan.html}
}

@article{Gelman2015,
  title={Stan A Probabilistic Programming Language for Bayesian Inference and Optimization},
  author={Gelman, Andrew and Lee, Daniel and Guo, Jiqiang},
  journal={Journal of Educational and Behavioral Statistics},
  pages={1076998615606113},
  year={2015},
  publisher={SAGE Publications}
}

@book{Banerjee2014,
  title={Hierarchical modeling and analysis for spatial data},
  author={Banerjee, Sudipto and Carlin, Bradley P and Gelfand, Alan E},
  year={2014},
  publisher={Crc Press}
}

@book{Gelman2014,
  title={Bayesian data analysis},
  author={Gelman, Andrew and Carlin, John B and Stern, Hal S and Rubin, Donald B},
  volume={2},
  year={2014},
  publisher={Taylor \& Francis}
}

@misc{Oliver2005,
  title={Statistical methods for spatial data analysis},
  author={Oliver, S and Gotway, CA},
  year={2005},
  publisher={New York, CRC Press}
}

@book{Myers2012,
  title={Generalized linear models: with applications in engineering and the sciences},
  author={Myers, Raymond H and Montgomery, Douglas C and Vining, G Geoffrey and Robinson, Timothy J},
  volume={791},
  year={2012},
  publisher={John Wiley \& Sons}
}

@article{Tulving1990,
  title={Priming and human memory systems},
  author={Tulving, Endel and Schacter, Daniel L},
  journal={Science},
  volume={247},
  number={4940},
  pages={301--306},
  year={1990},
  publisher={American Association for the Advancement of Science}
}

@phdthesis{Fortenbaugh2011,
  title={The Biomechanics of the Baseball Swing},
  author={Fortenbaugh, David},
  school={The University of Miami},
  type={Industrial Engineering},
  year={2011}
}

@article{Welch1995,
  title={Hitting a baseball: A biomechanical description},
  author={Welch, Christian M and Banks, Scott A and Cook, Frank F and Draovitch, Pete},
  journal={Journal of Orthopaedic \& Sports Physical Therapy},
  volume={22},
  number={5},
  pages={193--201},
  year={1995},
  publisher={JOSPT, Inc. JOSPT, 1033 North Fairfax Street, Suite 304, Alexandria, VA 22134-1540}
}

@online{Chan2008,
  author = {Chan, Mori},
  title = {Explanation of strike zone},
  year = 2008,
  url = {https://en.wikipedia.org/wiki/Strike\_zone},
  urldate = {2008-12}
}

@online{Fast2007,
  author = {Fast, Mike},
  title = {Glossary of Gameday pitch fields},
  year = 2007,
  url = {https://fastballs.wordpress.com/2007/08/02/ glossary-of-the-gameday-pitch-fields/},
  urldate = {2007-8}
}

@article{Wu2013,
  title={Comparison of spatial and non-spatial logistic regression models for modeling the occurrence of cloud cover in north-eastern Puerto Rico},
  author={Wu, Wei and Zhang, Lianjun},
  journal={Applied Geography},
  volume={37},
  pages={52--62},
  year={2013},
  publisher={Elsevier}
}

@book{Schabenberger2004,
  title={Statistical methods for spatial data analysis},
  author={Schabenberger, Oliver and Gotway, Carol A},
  year={2004},
  publisher={CRC press}
}

@online{Slides,
  author = {Mills, Brian},
  title = {Rethinking 'loess' for Binomial-Response Pitch F/X Strike Zone Maps},
  year = 2010,
  url = {http://princeofslides.blogspot.com/2010/12/rethinking-loess-for-binomial-response.html},
  urldate = {2010-12}
}

@book{Williams1986,
  title={Science of Hitting},
  author={Williams, Ted and Underwood, John},
  year={1986},
  publisher={Simon and Schuster}
}

@book{Marchi2013,
  title={Analyzing Baseball Data with R},
  author={Marchi, Max and Albert, Jim},
  year={2013},
  publisher={CRC Press}
}

@Manual{fields,
  title = {fields: Tools for Spatial Data},
  author = {Douglas Nychka and Reinhard Furrer and John Paige and Stephan Sain},
  year = {2016},
  note = {R package version 8.3-6},
  url = {http://CRAN.R-project.org/package=fields},
}

@book{Faraway2005,
  title={Extending the linear model with R: generalized linear, mixed effects and nonparametric regression models},
  author={Faraway, Julian J},
  year={2005},
  publisher={CRC press}
}

@inproceedings{Green2014,
  title={What does it take to call a strike? three biases in umpire decision making},
  author={Green, Etan and Daniels, David P},
  booktitle={2014 MIT Sloan Sports Analytics Conference},
  year={2014}
}

@article{Sievert2014,
  title={Taming PITCHf/x Data with XML2R and pitchRx},
  author={Sievert, Carson},
  journal={A peer-reviewed, open-access publication of the R Foundation for Statistical Computing},
  pages={5},
  year={2014}
}

@article{Baumer2010,
  title={Mapping batter ability in baseball using spatial statistics techniques},
  author={Baumer, Ben and Draghicescu, Dana},
  journal={JSM, American Statistical Association},
  pages={3811--3822},
  year={2010}
}

@article{Cross2015,
  title={Modeling spatial batting ability using a known covariance matrix},
  author={Cross, Jared and Sylvan, Dana},
  journal={Journal of Quantitative Analysis in Sports},
  volume={11},
  number={3},
  pages={155-167},
  year={2015}
}



